@article{Hoefler2015,
author = {Hoefler, Torsten and Belli, Roberto},
file = {:Users/patrick/Google Drive/Mendeley Desktop/Hoefler, Belli/SC15 International Conference for High Performance Computing, Networking, Storage and Analysis/Hoefler, Belli - 2015 - Scientific Benchmarking of Parallel Computing Systems.pdf:pdf},
isbn = {9781450337236},
journal = {SC15: International Conference for High Performance Computing, Networking, Storage and Analysis},
title = {{Scientific Benchmarking of Parallel Computing Systems}},
url = {http://htor.inf.ethz.ch/publications/img/hoefler-scientific-benchmarking.pdf},
year = {2015}
}

